<?xml version="1.0" encoding="UTF-8"?><record xmlns="http://www.loc.gov/MARC21/slim" xmlns:cinclude="http://apache.org/cocoon/include/1.0" xmlns:zs="http://www.loc.gov/zing/srw/">
  <leader>00888nz  a2200217n  4500</leader>
  <controlfield tag="001">n  90656022 </controlfield>
  <controlfield tag="003">DLC</controlfield>
  <controlfield tag="005">19900611170455.2</controlfield>
  <controlfield tag="008">900611n| acaacaaa|          |a ana |||  </controlfield>
  <datafield tag="010" ind1=" " ind2=" ">
    <subfield code="a">n  90656022 </subfield>
  </datafield>
  <datafield tag="040" ind1=" " ind2=" ">
    <subfield code="a">DLC</subfield>
    <subfield code="c">DLC</subfield>
  </datafield>
  <datafield tag="130" ind1=" " ind2="0">
    <subfield code="a">Andere Zukunft, Solidarität und Freiheit</subfield>
  </datafield>
  <datafield tag="410" ind1="2" ind2="0">
    <subfield code="a">Industriegewerkschaft Metall für die Bundesrepublik Deutschland.</subfield>
    <subfield code="t">Andere Zukunft, Solidarität und Freiheit</subfield>
  </datafield>
  <datafield tag="430" ind1=" " ind2="0">
    <subfield code="a">Reihe Die andere Zukunft, Solidarität und Freiheit</subfield>
  </datafield>
  <datafield tag="430" ind1=" " ind2="0">
    <subfield code="a">Andere Zukunft</subfield>
  </datafield>
  <datafield tag="642" ind1=" " ind2=" ">
    <subfield code="a">Bd. 6</subfield>
    <subfield code="5">DLC</subfield>
  </datafield>
  <datafield tag="643" ind1=" " ind2=" ">
    <subfield code="a">Köln</subfield>
    <subfield code="b">Bund-Verlag</subfield>
  </datafield>
  <datafield tag="644" ind1=" " ind2=" ">
    <subfield code="a">f</subfield>
    <subfield code="5">DLC</subfield>
  </datafield>
  <datafield tag="645" ind1=" " ind2=" ">
    <subfield code="a">t</subfield>
    <subfield code="5">DLC</subfield>
  </datafield>
  <datafield tag="646" ind1=" " ind2=" ">
    <subfield code="a">s</subfield>
    <subfield code="5">DLC</subfield>
  </datafield>
  <datafield tag="670" ind1=" " ind2=" ">
    <subfield code="a">Internat. Zukunftskongress (1988 : Frankfurt am Main, Germany). Wofür wir streiten, c1989:</subfield>
    <subfield code="b">ser. t.p. (Die andere Zukunft, Solidarität und Freiheit) p. 1 of cover (Die andere Zukunft) end p. (Reihe: Die andere Zukunft, Solidarität und Freiheit)</subfield>
  </datafield>
</record>